@article{pagh2004cuckoo,
  title={Cuckoo hashing},
  author={Pagh, Rasmus and Rodler, Flemming Friche},
  journal={Journal of Algorithms},
  volume={51},
  number={2},
  pages={122--144},
  year={2004},
  publisher={Elsevier}
}

@article{dietzfelbinger2005data,
  title={Data Structures II-Balanced Allocation and Dictionaries with Tightly Packed Constant Size Bins},
  author={Dietzfelbinger, Martin and Weidling, Christoph},
  journal={Lecture Notes in Computer Science},
  volume={3580},
  pages={166--178},
  year={2005},
  publisher={Berlin: Springer-Verlag, 1973-}
}

@inproceedings{fan2014cuckoo,
  title={Cuckoo filter: Practically better than bloom},
  author={Fan, Bin and Andersen, Dave G and Kaminsky, Michael and Mitzenmacher, Michael D},
  booktitle={Proceedings of the 10th ACM International on Conference on emerging Networking Experiments and Technologies},
  pages={75--88},
  year={2014}
}
